@book{grus2015data,
  title={Data Science from Scratch: First Principles with Python},
  author={Grus, Joel},
  year={2015},
  publisher={O'Reilly Media, Inc.}
}

@book{mckinney2012python,
  title={Python for data analysis: Data wrangling with Pandas, NumPy, and IPython},
  author={McKinney, Wes},
  year={2012},
  publisher={" O'Reilly Media, Inc."}
}

@book{quant-econ,
author = {Stachurski, John; Sargent, Thomas J.},
title = {Quantitative Economics},
howpublished = {\url{http://lectures.quantecon.org/py/index.html}},
month = {},
year = {2014},
note = {(Accessed on 11/02/2016)}
}

@article{varian2014big,
  title={Big data: New tricks for econometrics},
  author={Varian, Hal R},
  journal={The Journal of Economic Perspectives},
  volume={28},
  number={2},
  pages={3--27},
  year={2014},
  publisher={American Economic Association}
}

@inproceedings{seabold2010statsmodels,
  title={Statsmodels: Econometric and statistical modeling with python},
  author={Seabold, Skipper and Perktold, Josef},
  booktitle={Proceedings of the 9th Python in Science Conference},
  pages={57--61},
  year={2010}
}

@book{py-metrics,
author = {Sheppard, Kevin},
title = {Introduction to Python for Econometrics, Statistics and Data Analysis},
howpublished = {\url{https://www.kevinsheppard.com/images/0/09/Python_introduction.pdf}},
month = {},
year = {2014},
note = {(Accessed on 11/02/2016)}
}

@article{pedregosa2011scikit,
  title={Scikit-learn: Machine learning in Python},
  author={Pedregosa, Fabian and Varoquaux, Ga{\"e}l and Gramfort, Alexandre and Michel, Vincent and Thirion, Bertrand and Grisel, Olivier and Blondel, Mathieu and Prettenhofer, Peter and Weiss, Ron and Dubourg, Vincent and others},
  journal={Journal of Machine Learning Research},
  volume={12},
  number={Oct},
  pages={2825--2830},
  year={2011}
}

@article{hunter2007matplotlib,
  title={Matplotlib: A 2D graphics environment},
  author={Hunter, John D and others},
  journal={Computing in science and engineering},
  volume={9},
  number={3},
  pages={90--95},
  year={2007}
}

@misc{ascher2001numerical,
  title={Numerical python},
  author={Ascher, David and Dubois, Paul F and Hinsen, Konrad and Hugunin, Jim and Oliphant, Travis and others},
  year={2001},
  publisher={Citeseer}
}

@Misc{,
  author =    {Eric Jones and Travis Oliphant and Pearu Peterson and others},
  title =     {{SciPy}: Open source scientific tools for {Python}},
  year =      {2001--},
  url = "http://www.scipy.org/",
  note = {[Online; accessed 2016-11-02]}
}

